@inproceedings{li2004iterative,
  title={Iterative linear quadratic regulator design for nonlinear biological movement systems},
  author={Li, Weiwei and Todorov, Emanuel},
  booktitle={First International Conference on Informatics in Control, Automation and Robotics},
  volume={2},
  pages={222--229},
  year={2004},
  organization={SciTePress}
}

@online{harley2020ilqr,
  author = {Harley Wiltzer},
  title = {iLQR Without Obfuscation},
  year = 2020,
  month = 2,
  url = {https://harwiltz.github.io/posts/20200201-ilqr/index.html}
}

@misc{jackson2019ilqr,
  title={iLQR Tutorial},
  author={Jackson, Brian and Howell, Taylor},
  month=9,
  year={2019},
  url={https://rexlab.ri.cmu.edu/papers/iLQR_Tutorial.pdf}
}